<record><leader>00000cas a22000007a 4500</leader><controlfield tag="001">10961712</controlfield><controlfield tag="008">840718d19651989nbudn ne      0   a0eng d</controlfield><datafield ind1=" " ind2=" " tag="010"><subfield code="a">sn 84008880 </subfield></datafield><datafield ind1=" " ind2=" " tag="040"><subfield code="a">NSD</subfield><subfield code="b">eng</subfield><subfield code="c">NSD</subfield><subfield code="d">NVG</subfield><subfield code="d">OCLCQ</subfield></datafield><datafield ind1=" " ind2=" " tag="012"><subfield code="j">0</subfield><subfield code="l">a</subfield><subfield code="m">x</subfield></datafield><datafield ind1="1" ind2=" " tag="022"><subfield code="a">0748-5379</subfield><subfield code="l">0748-5379</subfield><subfield code="2">1</subfield></datafield><datafield ind1=" " ind2=" " tag="037"><subfield code="b">Grand Island Daily Independent, 1st and Cedar Streets, Grand Island, NE 68802</subfield></datafield><datafield ind1=" " ind2=" " tag="042"><subfield code="a">nsdp</subfield></datafield><datafield ind1="0" ind2=" " tag="130"><subfield code="a">Grand Island daily independent (Mail ed.)</subfield></datafield><datafield ind1=" " ind2="4" tag="222"><subfield code="a">The Grand Island daily independent</subfield><subfield code="b">(Mail ed.)</subfield></datafield><datafield ind1="1" ind2="4" tag="245"><subfield code="a">The Grand Island daily independent.</subfield></datafield><datafield ind1="3" ind2="0" tag="246"><subfield code="a">Grand Island weekender independent</subfield></datafield><datafield ind1="3" ind2="0" tag="246"><subfield code="a">Grand Island Sunday independent</subfield></datafield><datafield ind1=" " ind2=" " tag="250"><subfield code="a">Mail ed.</subfield></datafield><datafield ind1=" " ind2=" " tag="260"><subfield code="a">Grand Island, Neb. :</subfield><subfield code="b">D. Beliles</subfield></datafield><datafield ind1=" " ind2=" " tag="310"><subfield code="a">Daily (except Jan. 1, July 4, Thanksgiving, &amp; Dec. 25)</subfield></datafield><datafield ind1=" " ind2=" " tag="321"><subfield code="a">Daily (except Sun.),</subfield><subfield code="b">1965-Sept. 29,1979</subfield></datafield><datafield ind1=" " ind2=" " tag="321"><subfield code="a">Daily (except July 4, Thanksgiving, Dec. 25),</subfield><subfield code="b">Sept. 30, 1979-</subfield></datafield><datafield ind1="1" ind2=" " tag="362"><subfield code="a">Began with Sept. 30, 1965 issue; ceased with Nov. 10, 1989 issue.</subfield></datafield><datafield ind1=" " ind2=" " tag="500"><subfield code="a">On Saturdays published as: the Grand Island weekender independent, Jan. 21, 1967-Sept. 22, 1979.</subfield></datafield><datafield ind1=" " ind2=" " tag="500"><subfield code="a">On Sundays published as: the Grand Island Sunday independent, Sept, 30, 1979-1989.</subfield></datafield><datafield ind1=" " ind2=" " tag="580"><subfield code="a">Merged with: The Grand Island daily independent (Regular ed.), to form: The Grand Island Independent.</subfield></datafield><datafield ind1=" " ind2=" " tag="588"><subfield code="a">Description based on: Vol. 114, no. 186 (Friday, July 6, 1984).</subfield></datafield><datafield ind1=" " ind2=" " tag="752"><subfield code="a">United States</subfield><subfield code="b">Nebraska</subfield><subfield code="c">Hall</subfield><subfield code="d">Grand Island.</subfield></datafield><datafield ind1="1" ind2="7" tag="785"><subfield code="t">Grand Island daily independent (Regular ed.)</subfield><subfield code="x">0748-5387</subfield><subfield code="w">(OCoLC)10588849</subfield></datafield><datafield ind1="1" ind2="7" tag="785"><subfield code="t">Grand Island independent</subfield><subfield code="x">1049-3018</subfield><subfield code="w">(DLC)sn 90002651</subfield></datafield><datafield ind1=" " ind2=" " tag="936"><subfield code="a">July 6, 1984</subfield></datafield></record>